@book{Huber,
    title={Робастность в статистике:пер. с англ.},
    author={Хьюбер Дж П.},
    year={1984},
    volume = {304},
    publisher={М.:Мир}
}
@book{Kharin,
    title={Теория вероятностей, математическая и прикладная статистика: учебник},
    author={Харин Ю.С., Зуев Н.М., Жук Е.Е,},
    year={2011},
    volume = {463},
    publisher={Минск: БГУ}
}
@article{RobustRegression,
	title={Robust Regression},
    author={John Fox \& Sanford Weisberg,},
    year={October 8, 2013},
}